@report{Ver13,
	author = "Fr\'e Vercauteren",
	title = "Final Report on Main Computational Assumptions in
	Cryptography",
	date = "2013",
	OPTurl = "http://www.ecrypt.eu.org/ecrypt2/documents/D.MAYA.6.pdf",
	OPTurldate = {\today},
}

@Inbook{Jou00,
	
	author="Joux, Antoine",
	editor="Bosma, Wieb",
	title="A One Round Protocol for Tripartite Diffie--Hellman",
	bookTitle="Algorithmic Number Theory: 4th International Symposium, ANTS-IV Leiden, The Netherlands, July 2-7, 2000. Proceedings",
	year="2000",
	publisher="Springer Berlin Heidelberg",
	address="Berlin, Heidelberg",
	pages="385--393",
	isbn="978-3-540-44994-2",
	doi="10.1007/10722028_23",
	url="http://dx.doi.org/10.1007/10722028_23"
}

@Inbook{BoF01,
	author="Boneh, Dan
	and Franklin, Matt",
	editor="Kilian, Joe",
	title="Identity-Based Encryption from the Weil Pairing",
	bookTitle="Advances in Cryptology --- CRYPTO 2001: 21st Annual International Cryptology Conference, Santa Barbara, California, USA, August 19--23, 2001 Proceedings",
	year="2001",
	publisher="Springer Berlin Heidelberg",
	address="Berlin, Heidelberg",
	pages="213--229",
	isbn="978-3-540-44647-7",
	doi="10.1007/3-540-44647-8_13",
	url="http://dx.doi.org/10.1007/3-540-44647-8_13"
}

@ARTICLE{BoS02,
	author = {Dan Boneh and Alice Silverberg},
	title = {Applications of Multilinear Forms to Cryptography},
	journal = {Contemporary Mathematics},
	year = {2002},
	volume = {324},
	pages = {71--90}
}

@Inbook{GGH13,
	author="Garg, Sanjam
	and Gentry, Craig
	and Halevi, Shai",
	editor="Johansson, Thomas
	and Nguyen, Phong Q.",
	title="Candidate Multilinear Maps from Ideal Lattices",
	bookTitle="Advances in Cryptology -- EUROCRYPT 2013: 32nd Annual International Conference on the Theory and Applications of Cryptographic Techniques, Athens, Greece, May 26-30, 2013. Proceedings",
	year="2013",
	publisher="Springer Berlin Heidelberg",
	address="Berlin, Heidelberg",
	pages="1--17",
	isbn="978-3-642-38348-9",
	doi="10.1007/978-3-642-38348-9_1",
	url="http://dx.doi.org/10.1007/978-3-642-38348-9_1"
}

@Inbook{GGH+13a,
	author="Garg, Sanjam
	and Gentry, Craig
	and Halevi, Shai
	and Sahai, Amit
	and Waters, Brent",
	editor="Canetti, Ran
	and Garay, Juan A.",
	title="Attribute-Based Encryption for Circuits from Multilinear Maps",
	bookTitle="Advances in Cryptology -- CRYPTO 2013: 33rd Annual Cryptology Conference, Santa Barbara, CA, USA, August 18-22, 2013. Proceedings, Part II",
	year="2013",
	publisher="Springer Berlin Heidelberg",
	address="Berlin, Heidelberg",
	pages="479--499",
	isbn="978-3-642-40084-1",
	doi="10.1007/978-3-642-40084-1_27",
	url="http://dx.doi.org/10.1007/978-3-642-40084-1_27"
}

@Inbook{CLT13,
	author="Coron, Jean-S{\'e}bastien
	and Lepoint, Tancr{\`e}de
	and Tibouchi, Mehdi",
	editor="Canetti, Ran
	and Garay, Juan A.",
	title="Practical Multilinear Maps over the Integers",
	bookTitle="Advances in Cryptology -- CRYPTO 2013: 33rd Annual Cryptology Conference, Santa Barbara, CA, USA, August 18-22, 2013. Proceedings, Part I",
	year="2013",
	publisher="Springer Berlin Heidelberg",
	address="Berlin, Heidelberg",
	pages="476--493",
	isbn="978-3-642-40041-4",
	doi="10.1007/978-3-642-40041-4_26",
	url="http://dx.doi.org/10.1007/978-3-642-40041-4_26"
}

@Inbook{CKC+15,
	author="Cheon, Jung Hee
	and Han, Kyoohyung
	and Lee, Changmin
	and Ryu, Hansol
	and Stehl{\'e}, Damien",
	editor="Oswald, Elisabeth
	and Fischlin, Marc",
	title="Cryptanalysis of the Multilinear Map over the Integers",
	bookTitle="Advances in Cryptology -- EUROCRYPT 2015: 34th Annual International Conference on the Theory and Applications of Cryptographic Techniques, Sofia, Bulgaria, April 26-30, 2015, Proceedings, Part I",
	year="2015",
	publisher="Springer Berlin Heidelberg",
	address="Berlin, Heidelberg",
	pages="3--12",
	isbn="978-3-662-46800-5",
	doi="10.1007/978-3-662-46800-5_1",
	url="http://dx.doi.org/10.1007/978-3-662-46800-5_1"
}

@Inbook{BCM16,
	author="B{\ua}etu, Ciprian
	and Cehan, Petru
	and M{\ua}rcule{\tz}, Dan",
	title="On Bilinear Groups of Composite Order",
	bookTitle="MTA Review",
	year="2016",
	publisher="Military Technical Academy Publishing House",
	pages="389--398",
	issn="1843-3391"
}

@inproceedings{TiD14,
	author    = {Ferucio Lauren{\tz}iu {\Tz}iplea and
	Constantin C{\ua}t{\ua}lin Dr{\ua}gan},
	title     = {Key-Policy Attribute-Based Encryption for Boolean Circuits from Bilinear
	Maps},
	booktitle = {Cryptography and Information Security in the Balkans - First International
	Conference, BalkanCryptSec 2014, Istanbul, Turkey, October 16-17,
	2014, Revised Selected Papers},
	pages     = {175--193},
	year      = {2014},
	crossref  = {DBLP:conf/balkancryptsec/2014},
	url       = {http://dx.doi.org/10.1007/978-3-319-21356-9_12},
	doi       = {10.1007/978-3-319-21356-9_12},
	timestamp = {Tue, 28 Jul 2015 21:25:51 +0200},
	biburl    = {http://dblp.uni-trier.de/rec/bib/conf/balkancryptsec/TipleaD14},
	bibsource = {dblp computer science bibliography, http://dblp.org}
}

@misc{Rot13,
	author = {Ron Rothblum},
	title = {On the Circular Security of Bit-Encryption},
	howpublished = {Cryptology ePrint Archive, Report 2012/102},
	year = {2012},
	url={http://eprint.iacr.org/2012/102}
}

@article{ChL09,
	title = "A note on self-bilinear maps",
	author = "Cheon, {Jung Hee} and Lee, {Dong Hoon}",
	year = "2009",
	month = "3",
	doi = "10.4134/BKMS.2009.46.2.303",
	volume = "46",
	pages = "303--309",
	journal = "Bulletin of the Korean Mathematical Society",
	issn = "1015-8634",
	publisher = "Korean Mathematical Society",
	number = "2",
}

@book{HPS08,
	author = {Hoffstein, Jeffrey and Pipher, Jill and Silverman, J.H.},
	title = {An Introduction to Mathematical Cryptography},
	year = {2008},
	isbn = {0387779930, 9780387779935},
	edition = {1},
	publisher = {Springer Publishing Company, Incorporated},
} 

@book{BB15,
	author = {B{\ua}etu, Ioan and B{\ua}etu, Ciprian},
	title = {Capitole speciale de algebr{\ua}},
	year = {2015},
	isbn = {9786065143265},
	edition = {1},
	publisher = {Taida},
} 

@Inbook{Boy13,
	author="Boyen, Xavier",
	editor="Sahai, Amit",
	title="Attribute-Based Functional Encryption on Lattices",
	bookTitle="Theory of Cryptography: 10th Theory of Cryptography Conference, TCC 2013, Tokyo, Japan, March 3-6, 2013. Proceedings",
	year="2013",
	publisher="Springer Berlin Heidelberg",
	address="Berlin, Heidelberg",
	pages="122--142",
	isbn="978-3-642-36594-2",
	doi="10.1007/978-3-642-36594-2_8",
	url="http://dx.doi.org/10.1007/978-3-642-36594-2_8"
}

@inproceedings{Gen09,
	author = {Gentry, Craig},
	title = {Fully Homomorphic Encryption Using Ideal Lattices},
	booktitle = {Proceedings of the Forty-first Annual ACM Symposium on Theory of Computing},
	series = {STOC '09},
	year = {2009},
	isbn = {978-1-60558-506-2},
	location = {Bethesda, MD, USA},
	pages = {169--178},
	numpages = {10},
	url = {http://doi.acm.org/10.1145/1536414.1536440},
	doi = {10.1145/1536414.1536440},
	acmid = {1536440},
	publisher = {ACM},
	address = {New York, NY, USA},
	keywords = {fully homomorphic encryption},
} 

@ARTICLE{LLL82,
	author = {A. K. Lenstra and H. W. Lenstra and L. Lovasz},
	title = {Factoring polynomials with rational coefficients},
	journal = {MATH. ANN},
	year = {1982},
	volume = {261},
	pages = {515--534}
}

@misc{AGH+12,
	author = {Shweta Agrawal and Craig Gentry and Shai Halevi and Amit Sahai},
	title = {Discrete Gaussian Leftover Hash Lemma over Infinite Domains},
	howpublished = {Cryptology ePrint Archive, Report 2012/714},
	year = {2012},
	url=http://eprint.iacr.org/2012/714
}

@inproceedings{MiR04,
	author = {Micciancio, Daniele and Regev, Oded},
	title = {Worst-Case to Average-Case Reductions Based on Gaussian Measures},
	booktitle = {Proceedings of the 45th Annual IEEE Symposium on Foundations of Computer Science},
	series = {FOCS '04},
	year = {2004},
	isbn = {0-7695-2228-9},
	pages = {372--381},
	numpages = {10},
	url = {http://dx.doi.org/10.1109/FOCS.2004.72},
	doi = {10.1109/FOCS.2004.72},
	acmid = {1033193},
	publisher = {IEEE Computer Society},
	address = {Washington, DC, USA},
} 

@book{Gar15,
	author = {Garg, Sanjam},
	title = {Candidate Multilinear Maps},
	year = {2015},
	isbn = {978-1-62705-549-9},
	publisher = {Association for Computing Machinery and Morgan \&\#38; Claypool},
	address = {New York, NY, USA},
} 

@misc{LPR12,
	author = {Vadim Lyubashevsky and Chris Peikert and Oded Regev},
	title = {On Ideal Lattices and Learning with Errors Over Rings},
	howpublished = {Cryptology ePrint Archive, Report 2012/230},
	year = {2012},
	note = {\url{http://eprint.iacr.org/2012/230}},
}

@misc{GGH+13b,
	author = {Sanjam Garg and Craig Gentry and Shai Halevi and Mariana Raykova and Amit Sahai and Brent Waters},
	title = {Candidate Indistinguishability Obfuscation and Functional Encryption for all circuits},
	howpublished = {Cryptology ePrint Archive, Report 2013/451},
	year = {2013},
	note = {\url{http://eprint.iacr.org/2013/451}},
}

@misc{MSZ16,
	author = {Eric Miles and Amit Sahai and Mark Zhandry},
	title = {Annihilation Attacks for Multilinear Maps: Cryptanalysis of Indistinguishability Obfuscation over GGH13},
	howpublished = {Cryptology ePrint Archive, Report 2016/147},
	year = {2016},
}

@misc{GGH15,
	author = {Craig Gentry and Sergey Gorbunov and Shai Halevi},
	title = {Graph-Induced Multilinear Maps from Lattices},
	howpublished = {Cryptology ePrint Archive, Report 2014/645},
	year = {2014},
}